@online{Beyne2024Chiplet,
	author    = {Beyne, Eric},
	title     = {Chiplet Interconnect Technology: Piecing Together the Next Generation of Chips},
	date      = {2024-07-03}, % 完整的发布日期
	url       = {https://www.3dincites.com/2024/07/chiplet-interconnect-technology-piecing-together-the-next-generation-of-chips},
	urldate   = {2025-10-26}, % 访问日期
	organization = {3D In-Depth, Processes and Technology}, % 发布平台或机构
	keywords  = {Chiplets},
}

@online{PiacentiniFilho2024Chiplet,
	author    = {Piacentini Filho, Roberto},
	title     = {What Is A Chiplet, And Why Should You Care? How a modular approach can improve yield, reduce cost, and improve PPA/C},
	date      = {2024-02-15}, % 完整的发布日期
	url       = {https://semiengineering.com/what-is-a-chiplet-and-why-should-you-care/},
	urldate   = {2025-10-26}, % 访问日期
}

@INPROCEEDINGS{10848977,
	author={Hwang, Minsoon and Kim, Joohyung and Lim, Taeho and Yun, Namhyun and Park, Ieryung and Kwon, Keeyoung and Jung, Inhwa and Lee, Dongsop and Lim, Euicheol},
	booktitle={2024 31st IEEE International Conference on Electronics, Circuits and Systems (ICECS)}, 
	title={MOSAIC®: Chiplet Architecture Based on Die-to-Die Interface for CXL®Memory Applications and Limitations in Bandwidth, Latency, and Power}, 
	year={2024},
	volume={},
	number={},
	pages={1-4},
	keywords={Semiconductor device measurement;Chiplets;Random access memory;Process control;Bandwidth;Receivers;Energy efficiency;Device-to-device communication;Standards;Signal integrity;Chiplet;Die-to-Die interface;CXL-Memory;DDR;UCIe™;CXL®},
	doi={10.1109/ICECS61496.2024.10848977}}

@inproceedings{Miki2019Development,
	author    = {Miki, S. and Taneda, H. and Kobayashi, N.},
	title     = {Development of 2.3D high density organic package using low temperature bonding process with Sn-Bi solder},
	booktitle = {IEEE Electronic Components \& Technology Conference--2019},
	date      = {2019},
	pages     = {1599--1604},
	publisher = {IEEE},
	address   = {Baltimore, Maryland, USA},
}

@inproceedings{Sharma2020PCIe6,
	author    = {Sharma, D. D.},
	title     = {{PCI Express{\textregistered} 6.0 Specification at 64.0 GT/s with PAM-4 Signaling: A Low Latency, High Bandwidth, High Reliability and Cost-Effective Interconnect}},
	booktitle = {IEEE Symposium on High-Performance Interconnects (HOTI)},
	year      = {2020},
	pages     = {1--8},
	publisher = {IEEE}, % 通常由 IEEE 出版
	% note      = {如果需要，可以添加会议地点或更详细的会议名称}
}

@INPROCEEDINGS{8429741,
	author={De Vos, Joeri and Van Huylenbroeck, Stefaan and Jourdain, Anne and Heylen, Nancy and Peng, Lan and Jamieson, Geraldine and Tutunjyan, Nina and Sardo, Stefano and Miller, Andy and Beyne, Eric},
	booktitle={2018 IEEE 68th Electronic Components and Technology Conference (ECTC)}, 
	title={"Hole-in-One TSV", a New Via Last Concept for High Density 3D-SOC Interconnects}, 
	year={2018},
	volume={},
	number={},
	pages={1499-1504},
	keywords={Through-silicon vias;Bonding;Dielectrics;Silicon;Surface treatment;Metals;Surface topography;3DSOC;Wafer-to-wafer bonding;Wafer thinning;via last;high density interconnects},
	doi={10.1109/ECTC.2018.00228}}

@online{Heyman2024FloorPlanning,
	author    = {Heyman, Karen},
	title     = {Floor-Planning Evolves Into The Chiplet Era},
	date      = {2024-07-25}, % 完整的发布日期
	url       = {https://semiengineering.com/what-is-a-chiplet-and-why-should-you-care/},
	urldate   = {2025-10-26}, % 访问日期
}

@INPROCEEDINGS{11074799,
	author={Ren, Haoxiang and Guo, Ziyi and Yang, Ben and Sahoo, Krutikesh and Sundaram, Naarendharan Meenakshi and Chen, Zoe and Singh, Shrikant and Fisher, Timothy S. and Yang, Chih-Kong Ken and Razavi, Behzad and Vaisband, Boris and Iyer, Subramanian S.},
	booktitle={2025 Symposium on VLSI Technology and Circuits (VLSI Technology and Circuits)}, 
	title={Power Delivery for Scaled-Out Chiplet-Based Wafer-Scale Systems with $8{\mu}\mathrm{m}$ Cu-Cu Bond Pitch on Active SI-Interconnect Fabric Substrate}, 
	year={2025},
	volume={},
	number={},
	pages={1-3},
	keywords={Power system measurements;Three-dimensional displays;Density measurement;Chiplets;Voltage;Very large scale integration;Thermal management;Solids;Fabrics;Substrates;power delivery;wafer-scale systems;chiplet;integrated voltage converter;heterogeneous integration},
	doi={10.23919/VLSITechnologyandCir65189.2025.11074799}}

@online{CnblBlog2025,
	author       = { ZOMI酱酱},
	title        = {AI系统:昇腾 AI 处理器},
	year         = {2025},
	url          = https://www.cnblogs.com/ZOMI/articles/18558512},
	urldate      = {2025-10-30},
	note         = {访问日期 2025-10-30}
}
